% Encoding: windows-1252

@article{Indu18,
author = {I, Indu and Anand, Rubesh and Bhaskar, Vidhyacharan},
year = {2018},
month = {05},
pages = {574-588},
title = {Identity and access management in cloud environment: Mechanisms and challenges},
volume = {21},
doi = {10.1016/j.jestch.2018.05.010}
}

@article{Moha17,
author = {Ishaq Azhar Mohammed},
year = {2017},
month = {10},
title = {SYSTEMATIC REVIEW OF IDENTITY ACCESS MANAGEMENT IN INFORMATION SECURITY},
publisher = {International Journal of Innovations in Engineering Research and Technology},
volume = {4},
number = {pp. 1-7},
}

@article{Moha19,
author = {Ishaq Azhar Mohammed},
year = {2019},
month = {10},
title = {CLOUD IDENTITY AND ACCESS MANAGEMENT – A MODEL PROPOSAL.},
publisher = {International Journal of Innovations in Engineering Research and Technology},
volume = {6},
number = {pp. 1-8},
}

@techreport{Virg07,
  author      = "Dave Burhop, DMV CIO; Chair Marie Greenberg, DMV Director of IT Security; Joanne Maxwell, DMV Director of Policy",
  title       = "Identity and Access Management “I AM Who I Say I AM”",
  institution = "Virginia IT Agency",
	year 				= {2007},
	month 			= {06},
}

@manual{IBM19,
  title        = "Security Server RACF General User's Guide",
  organization = "IBM",
  address      = "Wilhelm-Fay-Straße 30-34",
  edition      = "2",
	volume 			 = {3},
  month        = "02",
  year         = "2019",
}

@article{Rob04,
author = {Brasegard, Robert},
year = {2004},
month = {01},
pages = {},
title = {HOW TO SOLVE THE “MILLION USER PROBLEM”? Identity and access management in a global environment}
}

@misc{Max12,
  author = {Pitchkites, Max},
  title = {Top Cyber Security Statistics, Facts \& Trends in 2022},
  howpublished = {\url{https://www.cloudwards.net/cyber-security-statistics/}},
	year = {2022},
	month = {12},
  note = {Accessed: 2022-12-19}
}

@misc{Stat22,
  author = {Statista},
  title = {Did your company encounter incidents concerning data theft, corporate espionage or sabotage during the last year?},
  howpublished = {\url{https://www.statista.com/statistics/429724/cyber-attacks-directed-at-companies-germany/}},
	year = {2022},
	month = {03},
  note = {Accessed: 2022-12-20}
}
